@Article{Ash1978,
author={Ashenfelter, Orley},
title={Estimating the Effect of Training Programs on Earnings},
journal={Review of Economics and Statistics},
year={1978},
volume={6},
number={1},
pages={47-57},
}
@Article{Match,
author={Ho, Daniel and Imai, Kosuke and King, Gary and Stuart, Elizabeth},
title={MatchIt: Nonparametric Processing for Parametric Causal Inference},
journal={Journal of Statistical Software},
year={2011},
volume={42},
number={8},
pages={1-28},

}
@incollection{HLS1999,
	author = {Heckman, James and Lalonde, Robert and Smith, Jeffrey},
	title = {The Economics and Econometrics of Active Labor Market Programs},
	booktitle={Handbook of Labor Economics},
	volume={3A},
	pages={1865-2097},
	publisher={Elsevier Science Publishers},
	year={1999},
	editor={Ashenfelter, Orley and Card, David},
}